@article{10.1145/357401.357402,
author     = {Saltzer, J. H. and Reed, D. P. and Clark, D. D.},
title      = {End-to-End Arguments in System Design},
year       = {1984},
issue_date = {Nov. 1984},
publisher  = {Association for Computing Machinery},
address    = {New York, NY, USA},
volume     = {2},
number     = {4},
issn       = {0734-2071},
url        = {https://doi.org/10.1145/357401.357402},
doi        = {10.1145/357401.357402},
journal    = {ACM Trans. Comput. Syst.},
month      = nov,
pages      = {277--288},
numpages   = {12},
keywords   = {data communication, protocol design, design principles},
}
